[gd_scene load_steps=7 format=2]

[ext_resource path="res://Project/assets/rollme.png" type="Texture" id=1]
[ext_resource path="res://Project/assets/ComicSansMS3.ttf" type="DynamicFontData" id=2]
[ext_resource path="res://Project/assets/sell.png" type="Texture" id=3]

[sub_resource type="StyleBoxFlat" id=1]
bg_color = Color( 1, 0.980392, 0.462745, 1 )

[sub_resource type="DynamicFont" id=2]
size = 60
outline_color = Color( 0, 0, 0, 1 )
font_data = ExtResource( 2 )

[sub_resource type="DynamicFont" id=3]
size = 60
font_data = ExtResource( 2 )

[node name="Board" type="Control"]
anchor_right = 1.0
anchor_bottom = 1.0
__meta__ = {
"_edit_use_anchors_": false
}

[node name="Background" type="Panel" parent="."]
anchor_right = 1.0
anchor_bottom = 1.0
custom_styles/panel = SubResource( 1 )
__meta__ = {
"_edit_use_anchors_": false
}

[node name="VBoxContainer" type="VBoxContainer" parent="."]
anchor_right = 1.0
anchor_bottom = 1.0
size_flags_horizontal = 3
size_flags_vertical = 3
__meta__ = {
"_edit_use_anchors_": false
}

[node name="HBoxContainer" type="HBoxContainer" parent="VBoxContainer"]
margin_right = 1284.0
margin_bottom = 360.0

[node name="Store" type="MarginContainer" parent="VBoxContainer/HBoxContainer"]
margin_right = 800.0
margin_bottom = 360.0
rect_min_size = Vector2( 800, 360 )
custom_constants/margin_right = 20
custom_constants/margin_top = 80
custom_constants/margin_left = 20
custom_constants/margin_bottom = 80

[node name="HBoxContainer" type="HBoxContainer" parent="VBoxContainer/HBoxContainer/Store"]
margin_left = 20.0
margin_top = 80.0
margin_right = 780.0
margin_bottom = 280.0
custom_constants/separation = 40

[node name="store1" type="Button" parent="VBoxContainer/HBoxContainer/Store/HBoxContainer"]
margin_right = 160.0
margin_bottom = 200.0
size_flags_horizontal = 3
size_flags_vertical = 3

[node name="store2" type="Button" parent="VBoxContainer/HBoxContainer/Store/HBoxContainer"]
margin_left = 200.0
margin_right = 360.0
margin_bottom = 200.0
size_flags_horizontal = 3
size_flags_vertical = 3

[node name="store3" type="Button" parent="VBoxContainer/HBoxContainer/Store/HBoxContainer"]
margin_left = 400.0
margin_right = 560.0
margin_bottom = 200.0
size_flags_horizontal = 3
size_flags_vertical = 3

[node name="store4" type="Button" parent="VBoxContainer/HBoxContainer/Store/HBoxContainer"]
margin_left = 600.0
margin_right = 760.0
margin_bottom = 200.0
size_flags_horizontal = 3
size_flags_vertical = 3

[node name="Actions" type="MarginContainer" parent="VBoxContainer/HBoxContainer"]
margin_left = 804.0
margin_right = 1284.0
margin_bottom = 360.0
rect_min_size = Vector2( 480, 360 )
custom_constants/margin_right = 20
custom_constants/margin_bottom = 40

[node name="VBoxContainer" type="VBoxContainer" parent="VBoxContainer/HBoxContainer/Actions"]
margin_right = 460.0
margin_bottom = 320.0

[node name="HBoxContainer" type="HBoxContainer" parent="VBoxContainer/HBoxContainer/Actions/VBoxContainer"]
margin_right = 460.0
margin_bottom = 225.0
size_flags_horizontal = 3
size_flags_vertical = 3

[node name="MarginContainer" type="MarginContainer" parent="VBoxContainer/HBoxContainer/Actions/VBoxContainer/HBoxContainer"]
margin_right = 130.0
margin_bottom = 225.0
size_flags_horizontal = 3
size_flags_vertical = 3
custom_constants/margin_top = 46
custom_constants/margin_bottom = 46

[node name="roll" type="TextureButton" parent="VBoxContainer/HBoxContainer/Actions/VBoxContainer/HBoxContainer/MarginContainer"]
margin_top = 46.0
margin_right = 130.0
margin_bottom = 179.0
size_flags_horizontal = 3
size_flags_vertical = 3
texture_normal = ExtResource( 1 )
expand = true

[node name="Label" type="Label" parent="VBoxContainer/HBoxContainer/Actions/VBoxContainer/HBoxContainer"]
margin_left = 134.0
margin_top = 70.0
margin_right = 227.0
margin_bottom = 155.0
custom_fonts/font = SubResource( 2 )
custom_colors/font_color = Color( 0, 0, 0, 1 )
text = "roll"

[node name="MarginContainer2" type="MarginContainer" parent="VBoxContainer/HBoxContainer/Actions/VBoxContainer/HBoxContainer"]
margin_left = 231.0
margin_right = 362.0
margin_bottom = 225.0
size_flags_horizontal = 3
size_flags_vertical = 3
custom_constants/margin_top = 55
custom_constants/margin_bottom = 55

[node name="Sell" type="TextureButton" parent="VBoxContainer/HBoxContainer/Actions/VBoxContainer/HBoxContainer/MarginContainer2"]
margin_top = 55.0
margin_right = 131.0
margin_bottom = 170.0
size_flags_horizontal = 3
size_flags_vertical = 3
texture_normal = ExtResource( 3 )
expand = true

[node name="Label2" type="Label" parent="VBoxContainer/HBoxContainer/Actions/VBoxContainer/HBoxContainer"]
margin_left = 366.0
margin_top = 70.0
margin_right = 460.0
margin_bottom = 155.0
custom_fonts/font = SubResource( 2 )
custom_colors/font_color = Color( 0, 0, 0, 1 )
text = "sell"

[node name="endTurn" type="Button" parent="VBoxContainer/HBoxContainer/Actions/VBoxContainer"]
margin_top = 229.0
margin_right = 460.0
margin_bottom = 320.0
custom_fonts/font = SubResource( 3 )
text = "end turn"

[node name="VBoxContainer" type="VBoxContainer" parent="VBoxContainer"]
margin_top = 364.0
margin_right = 1284.0
margin_bottom = 720.0
size_flags_horizontal = 3
size_flags_vertical = 3

[node name="Team" type="MarginContainer" parent="VBoxContainer/VBoxContainer"]
margin_right = 1284.0
margin_bottom = 356.0
size_flags_horizontal = 3
size_flags_vertical = 3
custom_constants/margin_right = 160
custom_constants/margin_top = 20
custom_constants/margin_left = 160
custom_constants/margin_bottom = 135

[node name="HBoxContainer" type="HBoxContainer" parent="VBoxContainer/VBoxContainer/Team"]
margin_left = 160.0
margin_top = 20.0
margin_right = 1124.0
margin_bottom = 221.0
custom_constants/separation = 40

[node name="team1" type="Button" parent="VBoxContainer/VBoxContainer/Team/HBoxContainer"]
margin_right = 160.0
margin_bottom = 201.0
size_flags_horizontal = 3
size_flags_vertical = 3

[node name="team2" type="Button" parent="VBoxContainer/VBoxContainer/Team/HBoxContainer"]
margin_left = 200.0
margin_right = 361.0
margin_bottom = 201.0
size_flags_horizontal = 3
size_flags_vertical = 3

[node name="team3" type="Button" parent="VBoxContainer/VBoxContainer/Team/HBoxContainer"]
margin_left = 401.0
margin_right = 562.0
margin_bottom = 201.0
size_flags_horizontal = 3
size_flags_vertical = 3

[node name="team4" type="Button" parent="VBoxContainer/VBoxContainer/Team/HBoxContainer"]
margin_left = 602.0
margin_right = 763.0
margin_bottom = 201.0
size_flags_horizontal = 3
size_flags_vertical = 3

[node name="team5" type="Button" parent="VBoxContainer/VBoxContainer/Team/HBoxContainer"]
margin_left = 803.0
margin_right = 964.0
margin_bottom = 201.0
size_flags_horizontal = 3
size_flags_vertical = 3

[node name="UnusedBench" type="MarginContainer" parent="VBoxContainer/VBoxContainer"]
visible = false
margin_top = 216.0
margin_right = 1284.0
margin_bottom = 356.0
rect_min_size = Vector2( 800, 140 )
custom_constants/margin_right = 20
custom_constants/margin_top = 10
custom_constants/margin_left = 20
custom_constants/margin_bottom = 0

[node name="HBoxContainer" type="HBoxContainer" parent="VBoxContainer/VBoxContainer/UnusedBench"]
margin_left = 20.0
margin_top = 10.0
margin_right = 1264.0
margin_bottom = 140.0
custom_constants/separation = 40

[node name="Button" type="Button" parent="VBoxContainer/VBoxContainer/UnusedBench/HBoxContainer"]
margin_right = 281.0
margin_bottom = 130.0
size_flags_horizontal = 3
size_flags_vertical = 3

[node name="Button2" type="Button" parent="VBoxContainer/VBoxContainer/UnusedBench/HBoxContainer"]
margin_left = 321.0
margin_right = 602.0
margin_bottom = 130.0
size_flags_horizontal = 3
size_flags_vertical = 3

[node name="Button3" type="Button" parent="VBoxContainer/VBoxContainer/UnusedBench/HBoxContainer"]
margin_left = 642.0
margin_right = 923.0
margin_bottom = 130.0
size_flags_horizontal = 3
size_flags_vertical = 3

[node name="Button4" type="Button" parent="VBoxContainer/VBoxContainer/UnusedBench/HBoxContainer"]
margin_left = 963.0
margin_right = 1244.0
margin_bottom = 130.0
size_flags_horizontal = 3
size_flags_vertical = 3
