[gd_scene load_steps=19 format=2]

[ext_resource path="res://assets/rollme.png" type="Texture" id=1]
[ext_resource path="res://assets/ComicSansMS3.ttf" type="DynamicFontData" id=2]
[ext_resource path="res://assets/sell.png" type="Texture" id=3]
[ext_resource path="res://ShopItem.tscn" type="PackedScene" id=4]
[ext_resource path="res://bin/board.gdns" type="Script" id=5]
[ext_resource path="res://assets/scenery.png" type="Texture" id=6]
[ext_resource path="res://assets/rollSolid.png" type="Texture" id=7]
[ext_resource path="res://assets/sellSolid.png" type="Texture" id=8]
[ext_resource path="res://TeamUnit.tscn" type="PackedScene" id=9]
[ext_resource path="res://assets/goldBitcoin.png" type="Texture" id=10]
[ext_resource path="res://assets/heart.png" type="Texture" id=11]

[sub_resource type="DynamicFont" id=1]
size = 60
outline_color = Color( 0, 0, 0, 1 )
font_data = ExtResource( 2 )

[sub_resource type="DynamicFont" id=2]
size = 60
font_data = ExtResource( 2 )

[sub_resource type="StyleBoxFlat" id=3]
bg_color = Color( 1, 1, 1, 1 )
border_width_left = 2
border_width_top = 2
border_width_right = 2
border_width_bottom = 2
border_color = Color( 0, 0, 0, 1 )
corner_radius_top_left = 10
corner_radius_top_right = 10
corner_radius_bottom_right = 10
corner_radius_bottom_left = 10

[sub_resource type="DynamicFont" id=4]
size = 50
outline_size = 3
outline_color = Color( 0, 0, 0, 1 )
font_data = ExtResource( 2 )

[sub_resource type="DynamicFont" id=5]
size = 45
outline_size = 3
outline_color = Color( 0, 0, 0, 1 )
font_data = ExtResource( 2 )

[sub_resource type="DynamicFont" id=6]
size = 40
outline_size = 3
outline_color = Color( 0, 0, 0, 1 )
font_data = ExtResource( 2 )

[sub_resource type="StyleBoxFlat" id=7]
bg_color = Color( 0.6, 0.6, 0.6, 0 )

[node name="Board" type="Control"]
anchor_right = 1.0
anchor_bottom = 1.0
script = ExtResource( 5 )
__meta__ = {
"_edit_use_anchors_": false
}

[node name="TextureRect" type="TextureRect" parent="."]
anchor_right = 1.0
anchor_bottom = 1.0
texture = ExtResource( 6 )
expand = true
__meta__ = {
"_edit_use_anchors_": false
}

[node name="VBoxContainer" type="VBoxContainer" parent="."]
anchor_right = 1.0
anchor_bottom = 1.0
size_flags_horizontal = 3
size_flags_vertical = 3
__meta__ = {
"_edit_use_anchors_": false
}

[node name="HBoxContainer" type="HBoxContainer" parent="VBoxContainer"]
margin_right = 1284.0
margin_bottom = 360.0

[node name="Shop" type="MarginContainer" parent="VBoxContainer/HBoxContainer"]
margin_right = 800.0
margin_bottom = 360.0
rect_min_size = Vector2( 800, 360 )
custom_constants/margin_right = 20
custom_constants/margin_top = 80
custom_constants/margin_left = 20
custom_constants/margin_bottom = 80

[node name="HBoxContainer" type="HBoxContainer" parent="VBoxContainer/HBoxContainer/Shop"]
margin_left = 20.0
margin_top = 80.0
margin_right = 780.0
margin_bottom = 280.0
custom_constants/separation = 40

[node name="ShopItem1" parent="VBoxContainer/HBoxContainer/Shop/HBoxContainer" instance=ExtResource( 4 )]
size_flags_horizontal = 3
size_flags_vertical = 3

[node name="ShopItem2" parent="VBoxContainer/HBoxContainer/Shop/HBoxContainer" instance=ExtResource( 4 )]
margin_left = 200.0
margin_right = 360.0
size_flags_horizontal = 3
size_flags_vertical = 3

[node name="ShopItem3" parent="VBoxContainer/HBoxContainer/Shop/HBoxContainer" instance=ExtResource( 4 )]
margin_left = 400.0
margin_right = 560.0
size_flags_horizontal = 3
size_flags_vertical = 3

[node name="ShopItem4" parent="VBoxContainer/HBoxContainer/Shop/HBoxContainer" instance=ExtResource( 4 )]
margin_left = 600.0
margin_right = 760.0
size_flags_horizontal = 3
size_flags_vertical = 3

[node name="Actions" type="MarginContainer" parent="VBoxContainer/HBoxContainer"]
margin_left = 804.0
margin_right = 1284.0
margin_bottom = 360.0
rect_min_size = Vector2( 480, 360 )
custom_constants/margin_right = 20
custom_constants/margin_bottom = 40

[node name="VBoxContainer" type="VBoxContainer" parent="VBoxContainer/HBoxContainer/Actions"]
margin_right = 460.0
margin_bottom = 320.0

[node name="HBoxContainer" type="HBoxContainer" parent="VBoxContainer/HBoxContainer/Actions/VBoxContainer"]
margin_right = 460.0
margin_bottom = 225.0
size_flags_horizontal = 3
size_flags_vertical = 3

[node name="MarginContainer" type="MarginContainer" parent="VBoxContainer/HBoxContainer/Actions/VBoxContainer/HBoxContainer"]
margin_right = 130.0
margin_bottom = 225.0
size_flags_horizontal = 3
size_flags_vertical = 3
custom_constants/margin_top = 46
custom_constants/margin_bottom = 46

[node name="Roll" type="TextureButton" parent="VBoxContainer/HBoxContainer/Actions/VBoxContainer/HBoxContainer/MarginContainer"]
margin_top = 46.0
margin_right = 130.0
margin_bottom = 179.0
texture_normal = ExtResource( 1 )
texture_hover = ExtResource( 7 )
expand = true

[node name="Label" type="Label" parent="VBoxContainer/HBoxContainer/Actions/VBoxContainer/HBoxContainer"]
margin_left = 134.0
margin_top = 70.0
margin_right = 227.0
margin_bottom = 155.0
custom_fonts/font = SubResource( 1 )
custom_colors/font_color = Color( 0, 0, 0, 1 )
text = "roll"

[node name="MarginContainer2" type="MarginContainer" parent="VBoxContainer/HBoxContainer/Actions/VBoxContainer/HBoxContainer"]
margin_left = 231.0
margin_right = 362.0
margin_bottom = 225.0
size_flags_horizontal = 3
size_flags_vertical = 3
custom_constants/margin_top = 55
custom_constants/margin_bottom = 55

[node name="Sell" type="TextureButton" parent="VBoxContainer/HBoxContainer/Actions/VBoxContainer/HBoxContainer/MarginContainer2"]
margin_top = 55.0
margin_right = 131.0
margin_bottom = 170.0
texture_normal = ExtResource( 3 )
texture_hover = ExtResource( 8 )
expand = true

[node name="Label2" type="Label" parent="VBoxContainer/HBoxContainer/Actions/VBoxContainer/HBoxContainer"]
margin_left = 366.0
margin_top = 70.0
margin_right = 460.0
margin_bottom = 155.0
custom_fonts/font = SubResource( 1 )
custom_colors/font_color = Color( 0, 0, 0, 1 )
text = "sell"

[node name="EndTurn" type="Button" parent="VBoxContainer/HBoxContainer/Actions/VBoxContainer"]
margin_top = 229.0
margin_right = 460.0
margin_bottom = 320.0
custom_fonts/font = SubResource( 2 )
text = "end turn"

[node name="VBoxContainer" type="VBoxContainer" parent="VBoxContainer"]
margin_top = 364.0
margin_right = 1284.0
margin_bottom = 720.0
size_flags_horizontal = 3
size_flags_vertical = 3

[node name="Squad" type="MarginContainer" parent="VBoxContainer/VBoxContainer"]
margin_right = 1284.0
margin_bottom = 230.0
size_flags_horizontal = 3
size_flags_vertical = 3
custom_constants/margin_right = 160
custom_constants/margin_left = 160
custom_constants/margin_bottom = 30

[node name="HBoxContainer" type="HBoxContainer" parent="VBoxContainer/VBoxContainer/Squad"]
margin_left = 160.0
margin_right = 1124.0
margin_bottom = 200.0
custom_constants/separation = 40

[node name="TeamUnit1" parent="VBoxContainer/VBoxContainer/Squad/HBoxContainer" instance=ExtResource( 9 )]
anchor_right = 0.0
anchor_bottom = 0.0
margin_left = 0.0
margin_right = 160.0
margin_bottom = 200.0

[node name="TeamUnit2" parent="VBoxContainer/VBoxContainer/Squad/HBoxContainer" instance=ExtResource( 9 )]
anchor_right = 0.0
anchor_bottom = 0.0
margin_left = 200.0
margin_right = 361.0
margin_bottom = 200.0

[node name="TeamUnit3" parent="VBoxContainer/VBoxContainer/Squad/HBoxContainer" instance=ExtResource( 9 )]
anchor_right = 0.0
anchor_bottom = 0.0
margin_left = 401.0
margin_right = 562.0
margin_bottom = 200.0

[node name="TeamUnit4" parent="VBoxContainer/VBoxContainer/Squad/HBoxContainer" instance=ExtResource( 9 )]
anchor_right = 0.0
anchor_bottom = 0.0
margin_left = 602.0
margin_right = 763.0
margin_bottom = 200.0

[node name="TeamUnit5" parent="VBoxContainer/VBoxContainer/Squad/HBoxContainer" instance=ExtResource( 9 )]
anchor_right = 0.0
anchor_bottom = 0.0
margin_left = 803.0
margin_right = 964.0
margin_bottom = 200.0

[node name="GUI" type="MarginContainer" parent="VBoxContainer/VBoxContainer"]
margin_top = 234.0
margin_right = 1284.0
margin_bottom = 356.0
size_flags_horizontal = 3
size_flags_vertical = 3
custom_constants/margin_right = 400
custom_constants/margin_top = 20
custom_constants/margin_left = 80
custom_constants/margin_bottom = 20

[node name="HBoxContainer" type="HBoxContainer" parent="VBoxContainer/VBoxContainer/GUI"]
margin_left = 80.0
margin_top = 20.0
margin_right = 884.0
margin_bottom = 102.0
custom_constants/separation = 40

[node name="GoldPanel" type="Panel" parent="VBoxContainer/VBoxContainer/GUI/HBoxContainer"]
margin_right = 171.0
margin_bottom = 82.0
size_flags_horizontal = 3
size_flags_vertical = 3
custom_styles/panel = SubResource( 3 )

[node name="HBoxContainer" type="HBoxContainer" parent="VBoxContainer/VBoxContainer/GUI/HBoxContainer/GoldPanel"]
anchor_right = 1.0
anchor_bottom = 1.0
__meta__ = {
"_edit_use_anchors_": false
}

[node name="MarginContainer" type="MarginContainer" parent="VBoxContainer/VBoxContainer/GUI/HBoxContainer/GoldPanel/HBoxContainer"]
margin_right = 83.0
margin_bottom = 82.0
size_flags_horizontal = 3
size_flags_vertical = 3
custom_constants/margin_right = 10
custom_constants/margin_top = 10
custom_constants/margin_left = 10
custom_constants/margin_bottom = 10

[node name="GoldTexture" type="TextureRect" parent="VBoxContainer/VBoxContainer/GUI/HBoxContainer/GoldPanel/HBoxContainer/MarginContainer"]
margin_left = 10.0
margin_top = 10.0
margin_right = 73.0
margin_bottom = 72.0
texture = ExtResource( 10 )
expand = true
stretch_mode = 1
__meta__ = {
"_edit_use_anchors_": false
}

[node name="GoldLabel" type="Label" parent="VBoxContainer/VBoxContainer/GUI/HBoxContainer/GoldPanel/HBoxContainer"]
margin_left = 87.0
margin_top = 5.0
margin_right = 171.0
margin_bottom = 76.0
size_flags_horizontal = 3
custom_fonts/font = SubResource( 4 )
custom_colors/font_color = Color( 1, 1, 1, 1 )
custom_colors/font_color_shadow = Color( 0, 0, 0, 1 )
text = "20"
__meta__ = {
"_edit_use_anchors_": false
}

[node name="HealthPanel" type="Panel" parent="VBoxContainer/VBoxContainer/GUI/HBoxContainer"]
margin_left = 211.0
margin_right = 382.0
margin_bottom = 82.0
size_flags_horizontal = 3
size_flags_vertical = 3
custom_styles/panel = SubResource( 3 )

[node name="HBoxContainer" type="HBoxContainer" parent="VBoxContainer/VBoxContainer/GUI/HBoxContainer/HealthPanel"]
anchor_right = 1.0
anchor_bottom = 1.0
__meta__ = {
"_edit_use_anchors_": false
}

[node name="MarginContainer" type="MarginContainer" parent="VBoxContainer/VBoxContainer/GUI/HBoxContainer/HealthPanel/HBoxContainer"]
margin_right = 83.0
margin_bottom = 82.0
size_flags_horizontal = 3
size_flags_vertical = 3
custom_constants/margin_right = 10
custom_constants/margin_top = 10
custom_constants/margin_left = 10
custom_constants/margin_bottom = 10

[node name="HeartTexture" type="TextureRect" parent="VBoxContainer/VBoxContainer/GUI/HBoxContainer/HealthPanel/HBoxContainer/MarginContainer"]
margin_left = 10.0
margin_top = 10.0
margin_right = 73.0
margin_bottom = 72.0
texture = ExtResource( 11 )
expand = true
stretch_mode = 1
__meta__ = {
"_edit_use_anchors_": false
}

[node name="HealthLabel" type="Label" parent="VBoxContainer/VBoxContainer/GUI/HBoxContainer/HealthPanel/HBoxContainer"]
margin_left = 87.0
margin_top = 9.0
margin_right = 171.0
margin_bottom = 73.0
size_flags_horizontal = 3
custom_fonts/font = SubResource( 5 )
custom_colors/font_color = Color( 1, 1, 1, 1 )
custom_colors/font_color_shadow = Color( 0, 0, 0, 1 )
text = "100"
__meta__ = {
"_edit_use_anchors_": false
}

[node name="TurnPanel" type="Panel" parent="VBoxContainer/VBoxContainer/GUI/HBoxContainer"]
margin_left = 422.0
margin_right = 593.0
margin_bottom = 82.0
size_flags_horizontal = 3
size_flags_vertical = 3
custom_styles/panel = SubResource( 3 )

[node name="TurnLabel" type="Label" parent="VBoxContainer/VBoxContainer/GUI/HBoxContainer/TurnPanel"]
anchor_right = 1.0
anchor_bottom = 1.0
size_flags_horizontal = 3
custom_fonts/font = SubResource( 6 )
custom_colors/font_color = Color( 1, 1, 1, 1 )
custom_colors/font_color_shadow = Color( 0, 0, 0, 1 )
text = "Turn: 1"
align = 1
valign = 1
__meta__ = {
"_edit_use_anchors_": false
}

[node name="TierPanel" type="Panel" parent="VBoxContainer/VBoxContainer/GUI/HBoxContainer"]
margin_left = 633.0
margin_right = 804.0
margin_bottom = 82.0
size_flags_horizontal = 3
size_flags_vertical = 3
custom_styles/panel = SubResource( 3 )

[node name="TierLabel" type="Label" parent="VBoxContainer/VBoxContainer/GUI/HBoxContainer/TierPanel"]
anchor_right = 1.0
anchor_bottom = 1.0
size_flags_horizontal = 3
custom_fonts/font = SubResource( 5 )
custom_colors/font_color = Color( 1, 1, 1, 1 )
custom_colors/font_color_shadow = Color( 0, 0, 0, 1 )
text = "Tier: 1"
align = 1
valign = 1
__meta__ = {
"_edit_use_anchors_": false
}

[node name="EndTurnPanel" type="Panel" parent="."]
visible = false
anchor_right = 1.0
anchor_bottom = 1.0
custom_styles/panel = SubResource( 7 )
__meta__ = {
"_edit_use_anchors_": false
}
