[gd_scene load_steps=8 format=2]

[ext_resource path="res://assets/ComicSansMS3.ttf" type="DynamicFontData" id=1]
[ext_resource path="res://assets/Rooster.png" type="Texture" id=2]
[ext_resource path="res://bin/unit.gdns" type="Script" id=3]

[sub_resource type="Animation" id=1]
resource_name = "AwayAttack"
tracks/0/type = "value"
tracks/0/path = NodePath("VBoxContainer:rect_position")
tracks/0/interp = 1
tracks/0/loop_wrap = true
tracks/0/imported = false
tracks/0/enabled = true
tracks/0/keys = {
"times": PoolRealArray( 0, 0.8, 1 ),
"transitions": PoolRealArray( 4, 1, 1 ),
"update": 0,
"values": [ Vector2( 0, 0 ), Vector2( 0, 50 ), Vector2( 0, 0 ) ]
}
tracks/1/type = "method"
tracks/1/path = NodePath(".")
tracks/1/interp = 1
tracks/1/loop_wrap = true
tracks/1/imported = false
tracks/1/enabled = true
tracks/1/keys = {
"times": PoolRealArray( 0.8 ),
"transitions": PoolRealArray( 1 ),
"values": [ {
"args": [  ],
"method": "update_health"
} ]
}

[sub_resource type="Animation" id=2]
tracks/0/type = "value"
tracks/0/path = NodePath("VBoxContainer:rect_position")
tracks/0/interp = 1
tracks/0/loop_wrap = true
tracks/0/imported = false
tracks/0/enabled = true
tracks/0/keys = {
"times": PoolRealArray( 0, 0.8, 1 ),
"transitions": PoolRealArray( 4, 1, 1 ),
"update": 0,
"values": [ Vector2( 0, 0 ), Vector2( 0, -50 ), Vector2( 0, 0 ) ]
}
tracks/1/type = "method"
tracks/1/path = NodePath(".")
tracks/1/interp = 1
tracks/1/loop_wrap = true
tracks/1/imported = false
tracks/1/enabled = true
tracks/1/keys = {
"times": PoolRealArray( 0.8 ),
"transitions": PoolRealArray( 1 ),
"values": [ {
"args": [  ],
"method": "update_health"
} ]
}

[sub_resource type="DynamicFont" id=3]
size = 25
outline_color = Color( 0, 0, 0, 1 )
font_data = ExtResource( 1 )

[sub_resource type="DynamicFont" id=4]
size = 25
outline_color = Color( 0, 0, 0, 1 )
font_data = ExtResource( 1 )

[node name="Unit" type="Control"]
rect_min_size = Vector2( 160, 200 )
mouse_filter = 2
script = ExtResource( 3 )
__meta__ = {
"_edit_use_anchors_": false
}

[node name="AnimationPlayer" type="AnimationPlayer" parent="."]
anims/AwayAttack = SubResource( 1 )
anims/HomeAttack = SubResource( 2 )

[node name="VBoxContainer" type="VBoxContainer" parent="."]
margin_right = 160.0
margin_bottom = 200.0
rect_min_size = Vector2( 160, 200 )
__meta__ = {
"_edit_use_anchors_": false
}

[node name="TextureRect" type="TextureRect" parent="VBoxContainer"]
margin_right = 160.0
margin_bottom = 160.0
rect_min_size = Vector2( 160, 160 )
texture = ExtResource( 2 )
expand = true
flip_h = true
__meta__ = {
"_edit_use_anchors_": false
}

[node name="MarginContainer" type="MarginContainer" parent="VBoxContainer"]
margin_top = 164.0
margin_right = 160.0
margin_bottom = 200.0
size_flags_horizontal = 3
size_flags_vertical = 3
custom_constants/margin_right = 30
custom_constants/margin_left = 30

[node name="HBoxContainer" type="HBoxContainer" parent="VBoxContainer/MarginContainer"]
margin_left = 30.0
margin_right = 130.0
margin_bottom = 36.0
size_flags_horizontal = 3
size_flags_vertical = 3
custom_constants/separation = 30
__meta__ = {
"_edit_use_anchors_": false
}

[node name="AttackRect" type="ColorRect" parent="VBoxContainer/MarginContainer/HBoxContainer"]
margin_right = 35.0
margin_bottom = 36.0
size_flags_horizontal = 3
size_flags_vertical = 3
color = Color( 0.882353, 0.678431, 0.00392157, 1 )
__meta__ = {
"_edit_use_anchors_": false
}

[node name="AttackLabel" type="Label" parent="VBoxContainer/MarginContainer/HBoxContainer/AttackRect"]
anchor_right = 1.0
anchor_bottom = 1.0
custom_fonts/font = SubResource( 3 )
text = "1"
align = 1
valign = 1
__meta__ = {
"_edit_use_anchors_": false
}

[node name="HealthRect" type="ColorRect" parent="VBoxContainer/MarginContainer/HBoxContainer"]
margin_left = 65.0
margin_right = 100.0
margin_bottom = 36.0
size_flags_horizontal = 3
size_flags_vertical = 3
color = Color( 1, 0, 0, 1 )
__meta__ = {
"_edit_use_anchors_": false
}

[node name="HealthLabel" type="Label" parent="VBoxContainer/MarginContainer/HBoxContainer/HealthRect"]
anchor_right = 1.0
anchor_bottom = 1.0
custom_fonts/font = SubResource( 4 )
text = "1"
align = 1
valign = 1
__meta__ = {
"_edit_use_anchors_": false
}
